<record><leader>00000cas a22000007a 4500</leader><controlfield tag="001">1757619</controlfield><controlfield tag="008">751101c19889999mnuwr pe      0    0eng d</controlfield><controlfield tag="009">501</controlfield><datafield ind1=" " ind2=" " tag="010"><subfield code="a">sn 90059963 </subfield></datafield><datafield ind1=" " ind2=" " tag="040"><subfield code="a">MUL</subfield><subfield code="b">eng</subfield><subfield code="c">MUL</subfield><subfield code="d">MN#</subfield><subfield code="d">OCLCQ</subfield><subfield code="d">DLC</subfield></datafield><datafield ind1="1" ind2=" " tag="029"><subfield code="a">AU@</subfield><subfield code="b">000025898987</subfield></datafield><datafield ind1=" " ind2=" " tag="042"><subfield code="a">msc</subfield></datafield><datafield ind1=" " ind2=" " tag="043"><subfield code="a">n-us-mn</subfield></datafield><datafield ind1=" " ind2=" " tag="052"><subfield code="a">4144</subfield><subfield code="b">M5</subfield></datafield><datafield ind1="0" ind2=" " tag="130"><subfield code="a">Finance and commerce (Minneapolis, Minn. : Appeals Court ed.)</subfield></datafield><datafield ind1="0" ind2="0" tag="245"><subfield code="a">Finance and commerce.</subfield></datafield><datafield ind1=" " ind2=" " tag="250"><subfield code="a">Appeals Court ed.</subfield></datafield><datafield ind1=" " ind2=" " tag="260"><subfield code="a">Minneapolis, Minn. :</subfield><subfield code="b">Clinton G. Andrus,</subfield><subfield code="c">1988-</subfield></datafield><datafield ind1=" " ind2=" " tag="300"><subfield code="a">v.</subfield></datafield><datafield ind1=" " ind2=" " tag="310"><subfield code="a">Weekly</subfield></datafield><datafield ind1="0" ind2=" " tag="362"><subfield code="a">No. 260 (Oct. 7, 1988)-</subfield></datafield><datafield ind1=" " ind2=" " tag="500"><subfield code="a">Published in 2 sections: Supreme Court/Tax Court ed.; and, Court of Appeals ed.</subfield></datafield><datafield ind1=" " ind2=" " tag="530"><subfield code="a">Available on microfilm from the Minnesota Historical Society.</subfield></datafield><datafield ind1="1" ind2="0" tag="610"><subfield code="a">Minnesota.</subfield><subfield code="b">Supreme Court</subfield><subfield code="v">Periodicals.</subfield></datafield><datafield ind1="1" ind2="0" tag="610"><subfield code="a">Minnesota.</subfield><subfield code="b">Court of Appeals</subfield><subfield code="v">Periodicals.</subfield></datafield><datafield ind1="1" ind2="0" tag="610"><subfield code="a">Minnesota.</subfield><subfield code="b">Tax Court</subfield><subfield code="v">Periodicals.</subfield></datafield><datafield ind1=" " ind2="0" tag="650"><subfield code="a">Criminal law</subfield><subfield code="z">Minnesota</subfield><subfield code="v">Cases.</subfield></datafield><datafield ind1=" " ind2="0" tag="650"><subfield code="a">Civil law</subfield><subfield code="z">Minnesota</subfield><subfield code="v">Cases.</subfield></datafield><datafield ind1=" " ind2="0" tag="650"><subfield code="a">Taxation</subfield><subfield code="x">Law and legislation</subfield><subfield code="z">Minnesota</subfield><subfield code="v">Periodicals.</subfield></datafield><datafield ind1=" " ind2=" " tag="752"><subfield code="a">United States</subfield><subfield code="b">Minnesota</subfield><subfield code="c">Hennepin</subfield><subfield code="d">Minneapolis.</subfield></datafield><datafield ind1="0" ind2=" " tag="775"><subfield code="t">Finance and commerce (Minneapolis, Minn.)</subfield><subfield code="w">(DLC)sn 85000255</subfield></datafield><datafield ind1="0" ind2="4" tag="780"><subfield code="t">Finance and commerce (Minneapolis, Minn. : Criminal/tax appellate ed.)</subfield><subfield code="w">(DLC)sn 85000256</subfield></datafield><datafield ind1="0" ind2="4" tag="780"><subfield code="t">Finance and commerce (Minneapolis, Minn. : Civil appellate ed.)</subfield><subfield code="w">(DLC)sn 85000257</subfield></datafield></record>